@online{athesys,
    title   = {Sito ufficiale Athesys S.r.l},
    url     = {http://www.athesys.it/},
}


